

@book{Landau1909,
    title       = "Handbuch der Lehre von der Verteilung der Primzahlen",
    author      = "Edmund Landau",
    publisher   = "Leipzig B.G. Teubner",
    year        = "1909",
    url         = "https://archive.org/details/handbuchderlehre01landuoft/"
}

@book{Bachmann1894,
    title       = "Die Analytische Zahlentheorie",
    author      = "Bachmann, Paul Gustav Heinrich",
    publisher   = "Leipzig B.G. Teubner",
    year        = "1894",
    url         = "https://archive.org/details/dieanalytischeza00bachuoft/"
}

@book{Rudin1953,
    title       = "Principles of Mathematical Analysis",
    author      = "Rudin, Walter",
    publisher   = "McGraw Hill",
    year        = "1953"
}

@book{Apostol1976,
    title       = "Introduction to Analytic Number Theory",
    author      = "Tom M. Apostol",
    publisher   = "Springer-Verlag",
    year        = "1976"
}

@book{Burton1998,
    title       = "Elementary Number Theory",
    author      = "David M. Burton",
    publisher   = "McGraw Hill",
    year        = "1998"
}

@article{Koch1901,
    title       = "Sur la distribution des nombres premiers",
    author      = "Helge von Koch",
    publisher   = "Acta Math",
    year        = "1901",
    doi         = "10.1007/BF02403071"
}

@MISC{Spivey2011,
    title       = "How to prove $\log n < n$?",
    author      = "Mike Spivey",
    publisher   = "Mathematics Stack Exchange",
    year        = "2011",
    url         = "https://math.stackexchange.com/q/65203"
}